@article {nbapowerrating,
	author = "John Schuhmann",
	title = "Power Rankings, Week 25: East race gets even tighter as playoffs near",
	journal = "NBA.com",
	month = "April",
	year = "2019"
}

@book {nbapredictable,
	author = "Michael J. Mauboussin",
	title = "The Success Equation: Untangling Skill and Luck in Business, Sports, and Investing",
	publisher = "Harvard Business Review Press",
	month = "November",
	year = "2012"
}

@unpublished {XJ,
	author = "Vincent Xia and Kavirath Jain",
	title = "Sports Team Rankings and Predictions using Network Analysis",
	month = "May",
	year = "2017"
}

@techreport {PageRank,
	author = "Larry Page and Sergey Brin and Rajeev Motwani and Terry Winograd",
	title = "The PageRank Citation Ranking: Bringing Order to the Web",
	month = "January",
	year = "1998",
	journal = "Stanford Digital Library Technologies Project"
}

@inproceedings {Govan,
	author = "Anjela Y. Govan and Carl D. Meyer and Russell Albright",
	title = "Generalizing Google's PageRank to Rank National Football League Teams",
	booktitle = "Proceedings of the SAS Global Forum",
	year = "2008",
	journal = "Proceedings of the SAS Global Forum"
}